<record><leader>00000cas a2200000 a 4500</leader><controlfield tag="001">29502629</controlfield><controlfield tag="008">931215d196919uuazuer n       0   a0eng c</controlfield><datafield ind1=" " ind2=" " tag="010"><subfield code="a">sn 93024278 </subfield></datafield><datafield ind1=" " ind2=" " tag="040"><subfield code="a">EYM</subfield><subfield code="b">eng</subfield><subfield code="c">EYM</subfield><subfield code="d">ANN</subfield><subfield code="d">OCLCQ</subfield><subfield code="d">OCLCF</subfield><subfield code="d">OCLCO</subfield></datafield><datafield ind1=" " ind2=" " tag="012"><subfield code="i">9312</subfield></datafield><datafield ind1="1" ind2=" " tag="029"><subfield code="a">AU@</subfield><subfield code="b">000025851315</subfield></datafield><datafield ind1=" " ind2=" " tag="042"><subfield code="a">pcc</subfield></datafield><datafield ind1=" " ind2=" " tag="043"><subfield code="a">n-us-az</subfield></datafield><datafield ind1=" " ind2=" " tag="090"><subfield code="a">F819.T9</subfield><subfield code="b">M33</subfield></datafield><datafield ind1="0" ind2="0" tag="245"><subfield code="a">Mad funk.</subfield></datafield><datafield ind1=" " ind2=" " tag="260"><subfield code="a">Tucson, Ariz. :</subfield><subfield code="b">Mad Funk Collective,</subfield><subfield code="c">1969-</subfield></datafield><datafield ind1=" " ind2=" " tag="300"><subfield code="a">v. :</subfield><subfield code="b">ill.</subfield></datafield><datafield ind1=" " ind2=" " tag="310"><subfield code="a">Biweekly</subfield></datafield><datafield ind1="0" ind2=" " tag="362"><subfield code="a">Vol. 1, no. 1 (Apr. 20-May 6 [1969])-</subfield></datafield><datafield ind1=" " ind2="0" tag="650"><subfield code="a">Underground press publications</subfield><subfield code="z">Arizona</subfield><subfield code="z">Tucson.</subfield></datafield><datafield ind1=" " ind2="0" tag="651"><subfield code="a">Tucson (Ariz.)</subfield><subfield code="v">Newspapers.</subfield></datafield><datafield ind1=" " ind2="7" tag="655"><subfield code="a">Newspapers.</subfield><subfield code="2">fast</subfield><subfield code="0">(OCoLC)fst01423814</subfield></datafield><datafield ind1=" " ind2="7" tag="650"><subfield code="a">Underground press publications.</subfield><subfield code="2">fast</subfield><subfield code="0">(OCoLC)fst01160984</subfield></datafield><datafield ind1=" " ind2="7" tag="651"><subfield code="a">Arizona</subfield><subfield code="z">Tucson.</subfield><subfield code="2">fast</subfield><subfield code="0">(OCoLC)fst01205454</subfield></datafield><datafield ind1="2" ind2=" " tag="710"><subfield code="a">Mad Funk Collective (Tucson, Ariz.)</subfield></datafield><datafield ind1=" " ind2=" " tag="752"><subfield code="a">United States</subfield><subfield code="b">Arizona</subfield><subfield code="c">Pima</subfield><subfield code="d">Tucson.</subfield></datafield><datafield ind1=" " ind2=" " tag="850"><subfield code="a">MiU</subfield></datafield></record>